<?xml version="1.0" encoding="UTF-8"?><record xmlns="http://www.loc.gov/MARC21/slim" xmlns:cinclude="http://apache.org/cocoon/include/1.0" xmlns:zs="http://www.loc.gov/zing/srw/">
  <leader>00714cz  a2200205n  4500</leader>
  <controlfield tag="001">n  85264026 </controlfield>
  <controlfield tag="003">DLC</controlfield>
  <controlfield tag="005">20100516081107.0</controlfield>
  <controlfield tag="008">870618n| acannaabn          |a ana      </controlfield>
  <datafield tag="010" ind1=" " ind2=" ">
    <subfield code="a">n  85264026 </subfield>
  </datafield>
  <datafield tag="034" ind1=" " ind2=" ">
    <subfield code="d">E0100200</subfield>
    <subfield code="e">E0100200</subfield>
    <subfield code="f">N0473300</subfield>
    <subfield code="g">N0473300</subfield>
    <subfield code="2">other</subfield>
  </datafield>
  <datafield tag="035" ind1=" " ind2=" ">
    <subfield code="a">(OCoLC)oca01879470</subfield>
  </datafield>
  <datafield tag="040" ind1=" " ind2=" ">
    <subfield code="a">DLC</subfield>
    <subfield code="b">eng</subfield>
    <subfield code="c">DLC</subfield>
    <subfield code="d">OCoLC</subfield>
  </datafield>
  <datafield tag="043" ind1=" " ind2=" ">
    <subfield code="a">e-gx---</subfield>
  </datafield>
  <datafield tag="151" ind1=" " ind2=" ">
    <subfield code="a">Oberstaufen (Germany)</subfield>
  </datafield>
  <datafield tag="451" ind1=" " ind2=" ">
    <subfield code="a">Oberstaufen/AllgaĚu (Germany)</subfield>
  </datafield>
  <datafield tag="670" ind1=" " ind2=" ">
    <subfield code="a">Maier, J. Freizeitraum Oberstaufen, 1976:</subfield>
    <subfield code="b">t.p. (Oberstaufen)</subfield>
  </datafield>
  <datafield tag="670" ind1=" " ind2=" ">
    <subfield code="a">BGN 6-16-87</subfield>
    <subfield code="b">(Oberstaufen, W. Ger., popl., 47 33 N 10 02 E)</subfield>
  </datafield>
  <datafield tag="670" ind1=" " ind2=" ">
    <subfield code="a">Deutsch. Bundesadressbuch, T. Bayern, 1987</subfield>
    <subfield code="b">(Oberstaufen/AllgaĚu; Reg-Bez. Schwaben)</subfield>
  </datafield>
  <datafield tag="781" ind1=" " ind2="0">
    <subfield code="z">Germany</subfield>
    <subfield code="z">Oberstaufen</subfield>
  </datafield>
</record>